3325 5592
776 791 1191 856 Austrasii
1235 809 1415 873 ver0,
1463 809 1610 856 cum
1658 793 1754 856 ad
1822 795 2167 857 castrum
2236 790 2879 874 Wogastisburg,
2945 790 3057 863 ubi

656 900 937 986 plurima
966 922 1201 968 manus
1235 903 1502 970 fortium
1529 903 1946 968 Winidorum
1973 902 2505 984 immoraverant,
2552 903 3060 983 circumdantes
3158 955 3196 969 ..

658 1017 878 1082 triduo
925 1017 1350 1098 proeliantes
1395 1018 1622 1097 plures
1670 1016 1911 1081 ibidem
1962 1015 2394 1081 de'exercitu
2439 1016 2809 1097 Dagoberti
2834 1016 3055 1098 gladio

657 1130 1098 1211 trucidantur,
1167 1134 1234 1195 et
1302 1129 1538 1195 exinde
1606 1128 1941 1211 fugaciter
1986 1147 2210 1194 omnes
2258 1128 2550 1194 tentoria
2613 1134 2680 1193 et
2728 1146 2840 1193 res
2888 1148 3052 1208 quas

599 1261 602 1268 ·
664 1243 1040 1308 habuerant
1085 1242 1559 1323 relinquentes,
1607 1243 1692 1306 ad
1738 1241 2043 1323 proprias
2091 1243 2285 1307 sedes
2333 1246 2789 1307 revertuntur.

787 1355 1017 1421 Multis
1088 1355 1366 1437 posthoc
1434 1354 1698 1423 vicibus·
1759 1354 2014 1419 Winidi
2082 1354 2154 1418 in
2220 1353 2728 1436 Thoringiam
2800 1360 2879 1420 et
2948 1374 3057 1420 re-

601 1511 605 1513 -
664 1468 923 1548 liquos
968 1471 1360 1545 vastando
1407 1487 1652 1551 pagos
1707 1466 1792 1533 in
1837 1467 2323 1534 Francorum
2383 1485 2708 1549 regnum
2767 1467 3058 1533 inruunt.

664 1579 890 1645 Etiam
937 1585 1007 1646 et
1052 1581 1468 1649 Dervanus
1516 1582 1667 1645 dux
1716 1579 1981 1663 gentis
2048 1579 2577 1662 (S)Urbiorum‚
2646 1581 2759 1659 qui
2808 1599 2890 1645 ex
2921 1598 3055 1664 ge«

659 1711 821 1759 nere
867 1693 1324 1762 Sclavinorum
1386 1699 1587 1758 erant
1654 1697 1721 1757 et
1769 1695 1853 1756 ad
1915 1711 2190 1775 regnum
2248 1692 2658 1758 Francorum
2712 1693 2847 1776 Jam
2908 1690 3061 1758 olim

668 1811 1090 1888 aspexerant,
1139 1825 1210 1870 se
1257 1809 1344 1871 ad
1390 1825 1711 1888 regnum
1760 1805 2070 1870 Samoni
2117 1823 2281 1870 cum
2329 1805 2495 1870 suis
2545 1806 2905 1886 tradidit.

785 1918 1124 1998 Istamque
1171 1919 1536 2000 victoriam,
1584 1937 1781 1998 quam
1806 1917 2060 1985 Winidi
2086 1924 2320 1983 contra
2338 1919 2638 1984 Francos
2662 1924 3064 2002 meruerunt,

665 2050 794 2108 non
841 2036 1101 2096 tantum
1149 2032 1603 2098 Sclavinorum
1667 2031 1989 2096 fortitudo
2039 2031 2345 2114 obtinuit,
2426 2037 2747 2111 quantum
2795 2035 3058 2099 demen-

669 2143 838 2208 tatio
905 2143 1528 2228 Austrasiorum,
1596 2147 1748 2209 dum
1817 2163 1889 2209 se
1961 2147 2326 2210 cernebant
2395 2161 2538 2209 cum
2603 2143 3062 2226 Dagoberto

601 2287 604 2290 -
669 2256 888 2321 odium
933 2257 1296 2323 incurrisse
1346 2263 1415 2323 et
1452 2257 1730 2323 assidue
1781 2256 2332 2338 exspoliarentur.

793 2390 963 2468 (631,
1012 2388 1199 2452 nobis
1249 2386 1423 2472 632.)
1478 2389 1671 2454 Anno
1718 2387 1806 2452 X.
1866 2386 2058 2468 regni
2104 2386 2493 2469 Dagoberti,
2557 2405 2700 2451 cum
2773 2387 2836 2451 ei
2904 2405 3063 2451 nun-

669 2497 906 2563 tiatum
951 2498 1208 2580 fuisset,
1277 2499 1644 2566 exercitum
1696 2500 2104 2565 Winidorum
2153 2499 2654 2581 Thoringiam
2715 2497 2928 2571 fuisse
2969 2499 3063 2563 in-

671 2630 988 2694 gressum,
1050 2631 1194 2678 cum
1240 2613 1542 2678 exercitu
1589 2617 1672 2678 de
1719 2631 1925 2696 regno
1995 2611 2606 2677 Austrasiorum
2651 2613 2734 2677 de
2786 2611 3064 2677 Mettis

664 2724 828 2788 urbe
895 2743 1303 2807 promovenS,
1387 2725 1678 2789 transita
1734 2725 2067 2806 Ardenna,
2138 2724 2547 2806 Magantiam
2586 2743 2847 2807 magno
2920 2743 3059 2791 cum

673 2836 971 2902 exercitu
1059 2839 1467 2919 adgreditur,
1560 2838 1916 2918 disponens
2011 2836 2314 2901 Rhenum
2406 2835 2721 2918 transire,
2814 2855 3069 2902 scaram

671 2952 755 3014 de
805 2948 1036 3014 electis
1104 2949 1268 3016 viris
1331 2949 1616 3016 fortibus
1684 2951 1764 3014 de
1827 2929 2179 3014 Neuster
2240 2960 2318 3012 et
2387 2949 2861 3030 Burgundia
2931 2941 3088 3014 cum'

674 3062 946 3128 ducibus
1010 3067 1079 3128 et
1149 3062 1554 3145 grafionibus
1622 3080 1849 3128 secum
1912 3062 2183 3127 habens.
2263 3060 2611 3125 Saxones
2680 3061 2918 3126 missos
2991 3062 3072 3126 ad

673 3174 1126 3257 Dagobertum
1174 3175 1490 3259 dirigunt,
1537 3179 1867 3258 petenteS‚
1914 3180 1991 3239 ut
2038 3175 2133 3240 eis
2179 3173 2453 3257 tributa,
2499 3192 2667 3252 quae
2713 3174 2857 3239 fisci
2920 3175 3068 3240 diti-

679 3288 913 3353 onibus
985 3289 1459 3369 dissolvebant,
1526 3288 1945 3371 indulgeret3
2012 3287 2140 3368 ipsi
2200 3306 2358 3353 vero
2428 3305 2653 3353 eorum
2721 3288 2941 3355 studio
3003 3294 3077 3354 et

675 3399 970 3465 utilitate
1027 3400 1306 3467 Winidis
1353 3401 1671 3466 resistere
1724 3402 2053 3481 spondent
2101 3405 2169 3466 61
2214 3401 2700 3466 Francorum
2744 3401 3072 3488 limitem

646 3514 772 3578 ‘de
819 3513 986 3577 illis
1011 3517 1376 3595 partibus
1423 3513 1832 3580 custodire
1880 3513 2374 3595 promittunt.
2424 3513 2614 3596 Quod
2644 3515 3071 3596 Dagobertus

677 3625 949 3692 consilio
996 3628 1535 3695 Neustrasiorum
1596 3631 1881 3708 adeptus
1954 3627 2295 3708 praestitit
2356 3627 2767 3710 SaxonibUS,
2813 3627 2926 3707 qui
2971 3626 3075 3691 his

675 3738 1105 3820 petitionibus
1173 3743 1662 3822 suggerendum
1725 3745 2069 3822 venerant,
2139 3745 2640 3822 sacramentum,
2709 3746 2785 3804 ut
2848 3759 3073 3805 eorum

685 3871 822 3918 mos
921 3857 1085 3933 erat,
1175 3871 1378 3934 super
1468 3853 1674 3924 arma'
1740 3852 2007 3933 placata
2095 3871 2213 3933 pro
2298 3853 2629 3926 universis
2707 3852 3076 3918 Saxonibus

672 3963 953 4029 firmant.
1022 3964 1154 4031 Sed
1200 3985 1431 4047 parum
1493 3967 1658 4031 haec
1706 3966 2048 4047 promissio
2116 3968 2395 4032 sortitur
2452 3965 2791 4046 effectum3
2852 3970 3075 4031 tamen

676 4078 1000 4144 tributum
1063 4075 1378 4162 SaxoneS,
1427 4081 1601 4159 quod
1670 4080 1952 4145 reddere
2022 4083 2527 4158 consueverant,
2606 4078 3075 4160 praeceptione

675 4192 1045 4273 Dagoberti
1112 4193 1366 4259 habent
1429 4192 1788 4258 indultum:
1868 4197 1992 4257 500
2064 4211 2304 4259 vaccas
2365 4192 2814 4258 inferendales
2882 4189 3074 4254 annis

671 4304 951 4385 singulis
998 4323 1038 4368 a
1086 4305 1467 4371 Chlothario
1529 4304 1791 4371 seniore
1863 4305 2104 4371 censiti
2151 4308 2540 4388 reddebant,
2609 4306 2782 4385 quod
2844 4323 2882 4368 a
2939 4303 3070 4367 Da-

673 4418 951 4498 goberto
1001 4423 1343 4483 cassatum
1393 4423 1515 4483 est.

792 4546 1204 4630 632—(633.)
1249 4546 1442 4612 Anno
1489 4547 1591 4611 XI
1636 4547 1830 4629 regni
1877 4548 2267 4631 Dagoberti,
2315 4566 2460 4612 cum
2518 4547 2821 4613 Winidi
2844 4547 3077 4630 jussu

675 4656 1027 4722 Samonis
1103 4657 1372 4725 fortiter
1446 4659 1789 4727 saevirent
1866 4664 1935 4725 et
1982 4679 2219 4741 saepe
2281 4665 2754 4725 transcenso
2804 4677 3078 4724 eorum

671 4769 926 4836 limite
974 4789 1297 4854 regnum
1341 4770 1826 4838 Francorum
1875 4776 2362 4856 vastandum,
2425 4773 2936 4853 Thoringiam
3002 4755 3071 4836 61
